@book{baumann2022cosmology,
  title={Cosmology},
  author={Baumann, Daniel},
  year={2022},
  publisher={Cambridge University Press},
  url="https://doi.org/10.1017/9781108937092"
}
@book{dodelson2020modern,
  title={Modern cosmology},
  author={Dodelson, Scott and Schmidt, Fabian},
  year={2020},
  publisher={Academic Press},
  url="https://doi.org/10.1016/C2017-0-01943-2"
}
@book{peebles1993principles,
  title={Principles of physical cosmology},
  author={Peebles, Phillip J.},
  volume={27},
  year={1993},
  publisher={Princeton university press},
  url="https://doi.org/10.1515/9780691206721"
}
@article{liddle1998introduction,
  title={An introduction to cosmological inflation},
  author={Liddle, Andrew R.},
  journal={High energy physics and cosmology},
  pages={260},
  year={1998},
  publisher={World Scientific},
  url="https://doi.org/10.48550/arXiv.astro-ph/9901124"
}
@article{hubble1929relation,
  title={A relation between distance and radial velocity among extra-galactic nebulae},
  author={Hubble, Edwin},
  journal={Proceedings of the national academy of sciences},
  volume={15},
  number={3},
  pages={168--173},
  year={1929},
  publisher={National Acad Sciences},
  url="https://doi.org/10.1073/pnas.15.3.168"
}
@article{gamow1946expanding,
  title={Expanding universe and the origin of elements},
  author={Gamow, George},
  journal={Physical review},
  volume={70},
  number={7-8},
  pages={572--573},
  year={1946},
  publisher={APS},
  url="https://doi.org/10.1103/PhysRev.70.572.2"
}
@article{alpher1948evolution,
  title={Evolution of the Universe},
  author={Alpher, Ralph A and Herman, Robert},
  journal={Nature},
  volume={162},
  number={4124},
  pages={774--775},
  year={1948},
  publisher={Nature Publishing Group},
  url="https://doi.org/10.1038/162774b0"
}
@article{alpher1953physical,
  title={Physical conditions in the initial stages of the expanding universe},
  author={Alpher, Ralph A and Follin Jr, James W and Herman, Robert C},
  journal={Physical Review},
  volume={92},
  number={6},
  pages={1347--1361},
  year={1953},
  publisher={APS},
  url="https://doi.org/10.1103/PhysRev.92.1347"
}
@article{penzias1965measurement,
  title={A measurement of excess antenna temperature at 4080 Mc/s.},
  author={Penzias, Arno A and Wilson, Robert Woodrow},
  journal={The Astrophysical Journal},
  volume={142},
  pages={419--421},
  year={1965},
  url="https://www.doi.org/10.1086/148307"
}
@article{guth1981inflationary,
  title={Inflationary universe: A possible solution to the horizon and flatness problems},
  author={Guth, Alan H},
  journal={Physical Review D},
  volume={23},
  number={2},
  pages={347--356},
  year={1981},
  publisher={APS},
  url="https://doi.org/10.1103/PhysRevD.23.347"
}
@article{linde1982new,
  title={A new inflationary universe scenario: a possible solution of the horizon, flatness, homogeneity, isotropy and primordial monopole problems},
  author={Linde, Andrei D},
  journal={Physics Letters B},
  volume={108},
  number={6},
  pages={389--393},
  year={1982},
  publisher={Elsevier},
  url="https://doi.org/10.1016/0370-2693(82)91219-9"
}
@article{albrecht1982cosmology,
  title={Cosmology for grand unified theories with radiatively induced symmetry breaking},
  author={Albrecht, Andreas and Steinhardt, Paul J},
  journal={Physical Review Letters},
  volume={48},
  number={17},
  pages={1220},
  year={1982},
  publisher={APS},
  url="https://doi.org/10.1103/PhysRevLett.48.1220"
}
